<?xml version="1.0" encoding="UTF-8"?><collection xmlns="http://www.loc.gov/MARC21/slim"><record><leader>00530nam--2200121-i-4500</leader><controlfield tag="001">000019141</controlfield><controlfield tag="002">20161230</controlfield><controlfield tag="005">20161230201033</controlfield><controlfield tag="008">060222s1000------------r-----000-0-eng-d</controlfield><datafield ind1=" " ind2=" " tag="080"><subfield code="a">001.818</subfield></datafield><datafield ind1=" " ind2=" " tag="245"><subfield code="a">Fonds national de la recherche scientifique. quarantieme rapport annuel 1967-1968. travaux publies au cours de l`annee academique 1967-1968 par les beneficiares d`une subvention ou d`une dotation du fonds national de la recherche scientifique ou des fo</subfield></datafield><datafield ind1=" " ind2=" " tag="260"><subfield code="a">Bruxelles, Imprimerie Clarence Denis, 1968. 169 P</subfield></datafield><datafield ind1=" " ind2=" " tag="852"><subfield code="a">26933</subfield></datafield></record></collection>